<?xml version="1.0" encoding="UTF-8" ?>
<OAI-PMH xmlns="http://www.openarchives.org/OAI/2.0/" xmlns:xsi="http://www.w3.org/2001/XMLSchema-instance"
	xsi:schemaLocation="http://www.openarchives.org/OAI/2.0/
http://www.openarchives.org/OAI/2.0/OAI-PMH.xsd">
	<responseDate>2015-01-09T06:08:51Z</responseDate>
	<request verb="ListRecords"
		resumptionToken="201408211302186999999999999999MZK01-VDK:MZK01-VDK">http://aleph.mzk.cz/OAI</request>
	<ListRecords>
		<record>
			<header>
				<identifier>oai:aleph.mzk.cz:MZK01-000213478</identifier>
				<datestamp>2015-01-01T14:42:39Z</datestamp>
				<setSpec>MZKALL</setSpec>
			</header>
			<metadata>
				<marc:record xmlns:marc="http://www.loc.gov/MARC21/slim"
					xmlns:xsi="http://www.w3.org/2001/XMLSchema-instance"
					xsi:schemaLocation="http://www.loc.gov/MARC21/slim
http://www.loc.gov/standards/marcxml/schema/MARC21slim.xsd">
					<marc:leader>     nam a22     2a 4500</marc:leader>
					<marc:controlfield tag="001">000113478</marc:controlfield>
					<marc:controlfield tag="003">CZ BrMZK</marc:controlfield>
					<marc:controlfield tag="005">19970103143423.0</marc:controlfield>
					<marc:controlfield tag="008">970103s1991    xr     f            cze d</marc:controlfield>
					<marc:datafield tag="015" ind1=" " ind2=" ">
						<marc:subfield code="a">cnb000067543</marc:subfield>
					</marc:datafield>
					<marc:datafield tag="035" ind1=" " ind2=" ">
						<marc:subfield code="a">(OCoLC)85634971</marc:subfield>
					</marc:datafield>
					<marc:datafield tag="040" ind1=" " ind2=" ">
						<marc:subfield code="a">BOA001</marc:subfield>
						<marc:subfield code="b">cze</marc:subfield>
					</marc:datafield>
					<marc:datafield tag="080" ind1=" " ind2=" ">
						<marc:subfield code="a">681.3.07(075.8)</marc:subfield>
						<marc:subfield code="2">MRF</marc:subfield>
					</marc:datafield>
					<marc:datafield tag="080" ind1=" " ind2=" ">
						<marc:subfield code="a">681.3.066(075.8)</marc:subfield>
						<marc:subfield code="2">MRF</marc:subfield>
					</marc:datafield>
					<marc:datafield tag="100" ind1="1" ind2=" ">
						<marc:subfield code="a">Staudek, Jan,</marc:subfield>
						<marc:subfield code="d">1945-</marc:subfield>
						<marc:subfield code="7">jk01120964</marc:subfield>
						<marc:subfield code="4">com</marc:subfield>
					</marc:datafield>
					<marc:datafield tag="245" ind1="1" ind2="0">
						<marc:subfield code="a">Operační a databázové systémy /</marc:subfield>
						<marc:subfield code="c">Jan Staudek, Jaroslav Pokorný, Jan Brodský</marc:subfield>
					</marc:datafield>
					<marc:datafield tag="250" ind1=" " ind2=" ">
						<marc:subfield code="a">1. vyd.</marc:subfield>
					</marc:datafield>
					<marc:datafield tag="260" ind1=" " ind2=" ">
						<marc:subfield code="a">Brno :</marc:subfield>
						<marc:subfield code="b">Vysoké učení technické,</marc:subfield>
						<marc:subfield code="c">1991</marc:subfield>
					</marc:datafield>
					<marc:datafield tag="300" ind1=" " ind2=" ">
						<marc:subfield code="a">162 s.</marc:subfield>
					</marc:datafield>
					<marc:datafield tag="700" ind1="1" ind2=" ">
						<marc:subfield code="a">Pokorný, Jaroslav,</marc:subfield>
						<marc:subfield code="d">1948-</marc:subfield>
						<marc:subfield code="7">skuk0001118</marc:subfield>
					</marc:datafield>
					<marc:datafield tag="700" ind1="1" ind2=" ">
						<marc:subfield code="a">Brodský, Jan,</marc:subfield>
						<marc:subfield code="d">1947-</marc:subfield>
						<marc:subfield code="7">jo2003197094</marc:subfield>
					</marc:datafield>
					<marc:datafield tag="910" ind1=" " ind2=" ">
						<marc:subfield code="a">BOA001</marc:subfield>
						<marc:subfield code="b">TK-A-0248.009</marc:subfield>
					</marc:datafield>
					<marc:datafield tag="990" ind1=" " ind2=" ">
						<marc:subfield code="a">BK</marc:subfield>
					</marc:datafield>
					<marc:datafield tag="996" ind1="7" ind2=" ">
						<marc:subfield code="b">2629962950</marc:subfield>
						<marc:subfield code="c">TK-A-0248.009</marc:subfield>
						<marc:subfield code="l">PP2</marc:subfield>
						<marc:subfield code="r">DEN</marc:subfield>
						<marc:subfield code="n">11</marc:subfield>
						<marc:subfield code="w">000113478</marc:subfield>
						<marc:subfield code="a">1</marc:subfield>
						<marc:subfield code="e">BOA001</marc:subfield>
						<marc:subfield code="s">A</marc:subfield>
					</marc:datafield>
					<marc:datafield tag="996" ind1="7" ind2=" ">
						<marc:subfield code="b">2629967554</marc:subfield>
						<marc:subfield code="c">TK-A-0248.009</marc:subfield>
						<marc:subfield code="l">PP2</marc:subfield>
						<marc:subfield code="r">DEN</marc:subfield>
						<marc:subfield code="n">2</marc:subfield>
						<marc:subfield code="w">000113478</marc:subfield>
						<marc:subfield code="a">1</marc:subfield>
						<marc:subfield code="e">BOA001</marc:subfield>
						<marc:subfield code="s">A</marc:subfield>
					</marc:datafield>
					<marc:datafield tag="996" ind1="7" ind2=" ">
						<marc:subfield code="b">2629980583</marc:subfield>
						<marc:subfield code="c">TK-A-0248.009</marc:subfield>
						<marc:subfield code="l">PP2</marc:subfield>
						<marc:subfield code="r">DEN</marc:subfield>
						<marc:subfield code="n">4</marc:subfield>
						<marc:subfield code="w">000113478</marc:subfield>
						<marc:subfield code="a">1</marc:subfield>
						<marc:subfield code="e">BOA001</marc:subfield>
						<marc:subfield code="s">A</marc:subfield>
					</marc:datafield>
					<marc:datafield tag="996" ind1="7" ind2=" ">
						<marc:subfield code="b">2629989967</marc:subfield>
						<marc:subfield code="c">TK-A-0248.009</marc:subfield>
						<marc:subfield code="l">PP2</marc:subfield>
						<marc:subfield code="r">DEN</marc:subfield>
						<marc:subfield code="n">5</marc:subfield>
						<marc:subfield code="w">000113478</marc:subfield>
						<marc:subfield code="a">1</marc:subfield>
						<marc:subfield code="e">BOA001</marc:subfield>
						<marc:subfield code="s">A</marc:subfield>
					</marc:datafield>
					<marc:datafield tag="996" ind1="0" ind2=" ">
						<marc:subfield code="b">2629991816</marc:subfield>
						<marc:subfield code="c">TK-A-0248.009</marc:subfield>
						<marc:subfield code="l">PP2</marc:subfield>
						<marc:subfield code="r">DEN</marc:subfield>
						<marc:subfield code="n">4</marc:subfield>
						<marc:subfield code="p">970000 ztr. 987.307/1995</marc:subfield>
						<marc:subfield code="w">000113478</marc:subfield>
						<marc:subfield code="a">1</marc:subfield>
						<marc:subfield code="q">0</marc:subfield>
						<marc:subfield code="e">BOA001</marc:subfield>
						<marc:subfield code="s">V</marc:subfield>
					</marc:datafield>
				</marc:record>
			</metadata>
		</record>
	</ListRecords>
</OAI-PMH> 